<record><leader>00000cas a22000007a 4500</leader><controlfield tag="001">18283357</controlfield><controlfield tag="008">880728c19639999txuwr ne      0    0eng d</controlfield><controlfield tag="009">6576</controlfield><datafield ind1=" " ind2=" " tag="010"><subfield code="a">sn 88083973 </subfield></datafield><datafield ind1=" " ind2=" " tag="040"><subfield code="a">PPM</subfield><subfield code="b">eng</subfield><subfield code="c">PPM</subfield><subfield code="d">OCLCQ</subfield></datafield><datafield ind1=" " ind2=" " tag="042"><subfield code="a">msc</subfield></datafield><datafield ind1="0" ind2="4" tag="245"><subfield code="a">The Tawakoni news.</subfield></datafield><datafield ind1=" " ind2=" " tag="260"><subfield code="a">Quinlan, Tex. :</subfield><subfield code="b">R.N. (Bob) Robinson,</subfield><subfield code="c">1963-</subfield></datafield><datafield ind1=" " ind2=" " tag="310"><subfield code="a">Weekly</subfield></datafield><datafield ind1="0" ind2=" " tag="362"><subfield code="a">Vol. 1, no. 3 (May 17, 1963)-</subfield></datafield><datafield ind1=" " ind2=" " tag="752"><subfield code="a">United States</subfield><subfield code="b">Texas</subfield><subfield code="c">Hunt</subfield><subfield code="d">Quinlan.</subfield></datafield><datafield ind1="0" ind2="0" tag="780"><subfield code="t">Quinlan tawakoni news</subfield></datafield></record>